<?xml version="1.0" encoding="UTF-8"?><collection xmlns="http://www.loc.gov/MARC21/slim"><record><leader>00446nam--2200133-i-4500</leader><controlfield tag="001">000022888</controlfield><controlfield tag="002">20161230</controlfield><controlfield tag="005">20161230201034</controlfield><controlfield tag="008">060222s1000------------r-----000-0-eng-d</controlfield><datafield ind1=" " ind2=" " tag="080"><subfield code="a">530.1</subfield></datafield><datafield ind1=" " ind2=" " tag="100"><subfield code="a">Hoffmann, Banesh</subfield></datafield><datafield ind1=" " ind2=" " tag="245"><subfield code="a">Ciudata poveste a cuantei. o expunere pentru publicul larg a evolutiei ideilor care stau la baza cunostintelor actuale despre structura atomului</subfield></datafield><datafield ind1=" " ind2=" " tag="260"><subfield code="a">Bucuresti, Editura Stiintifica, 1970, 252p</subfield></datafield><datafield ind1=" " ind2=" " tag="852"><subfield code="a">32243</subfield></datafield></record></collection>